%YAML 1.1
%TAG !u! tag:unity3d.com,2011:
--- !u!1001 &100100000
Prefab:
  m_ObjectHideFlags: 1
  serializedVersion: 2
  m_Modification:
    m_TransformParent: {fileID: 0}
    m_Modifications: []
    m_RemovedComponents: []
  m_SourcePrefab: {fileID: 0}
  m_RootGameObject: {fileID: 1399226382369762}
  m_IsPrefabAsset: 1
--- !u!1 &1399226382369762
GameObject:
  m_ObjectHideFlags: 0
  m_CorrespondingSourceObject: {fileID: 0}
  m_PrefabInternal: {fileID: 100100000}
  serializedVersion: 6
  m_Component:
  - component: {fileID: 224381931936873570}
  - component: {fileID: 222475662405420452}
  - component: {fileID: 114153186215445736}
  - component: {fileID: 114354178125620374}
  - component: {fileID: 114599954605810068}
  - component: {fileID: 114309261138331468}
  m_Layer: 5
  m_Name: Squirel
  m_TagString: Image
  m_Icon: {fileID: 0}
  m_NavMeshLayer: 0
  m_StaticEditorFlags: 0
  m_IsActive: 1
--- !u!114 &114153186215445736
MonoBehaviour:
  m_ObjectHideFlags: 1
  m_CorrespondingSourceObject: {fileID: 0}
  m_PrefabInternal: {fileID: 100100000}
  m_GameObject: {fileID: 1399226382369762}
  m_Enabled: 1
  m_EditorHideFlags: 0
  m_Script: {fileID: -98529514, guid: f70555f144d8491a825f0804e09c671c, type: 3}
  m_Name: 
  m_EditorClassIdentifier: 
  m_Material: {fileID: 0}
  m_Color: {r: 1, g: 1, b: 1, a: 1}
  m_RaycastTarget: 1
  m_OnCullStateChanged:
    m_PersistentCalls:
      m_Calls: []
    m_TypeName: UnityEngine.UI.MaskableGraphic+CullStateChangedEvent, UnityEngine.UI,
      Version=1.0.0.0, Culture=neutral, PublicKeyToken=null
  m_Texture: {fileID: 2800000, guid: 90c0ba1fe8ae93c4abc58e41cd9359d4, type: 3}
  m_UVRect:
    serializedVersion: 2
    x: 0
    y: 0
    width: 1
    height: 1
--- !u!114 &114309261138331468
MonoBehaviour:
  m_ObjectHideFlags: 1
  m_CorrespondingSourceObject: {fileID: 0}
  m_PrefabInternal: {fileID: 100100000}
  m_GameObject: {fileID: 1399226382369762}
  m_Enabled: 1
  m_EditorHideFlags: 0
  m_Script: {fileID: 11500000, guid: f29d3710c0c9c6f418471f9fa8a260e5, type: 3}
  m_Name: 
  m_EditorClassIdentifier: 
  move: 0
--- !u!114 &114354178125620374
MonoBehaviour:
  m_ObjectHideFlags: 1
  m_CorrespondingSourceObject: {fileID: 0}
  m_PrefabInternal: {fileID: 100100000}
  m_GameObject: {fileID: 1399226382369762}
  m_Enabled: 1
  m_EditorHideFlags: 0
  m_Script: {fileID: 11500000, guid: 72f7cec06290c234e90e117cd9b69b2e, type: 3}
  m_Name: 
  m_EditorClassIdentifier: 
  move: 0
  erase: 0
  colorPicker: 0
  drawSize: 1
  clear: {fileID: 2800000, guid: dbf2572e210692347b3c3f8b2eb37b11, type: 3}
  drawColor: {r: 1, g: 0, b: 0, a: 1}
  width: 600
  height: 600
--- !u!114 &114599954605810068
MonoBehaviour:
  m_ObjectHideFlags: 1
  m_CorrespondingSourceObject: {fileID: 0}
  m_PrefabInternal: {fileID: 100100000}
  m_GameObject: {fileID: 1399226382369762}
  m_Enabled: 0
  m_EditorHideFlags: 0
  m_Script: {fileID: -1254083943, guid: f70555f144d8491a825f0804e09c671c, type: 3}
  m_Name: 
  m_EditorClassIdentifier: 
  m_AspectMode: 3
  m_AspectRatio: 1
--- !u!222 &222475662405420452
CanvasRenderer:
  m_ObjectHideFlags: 1
  m_CorrespondingSourceObject: {fileID: 0}
  m_PrefabInternal: {fileID: 100100000}
  m_GameObject: {fileID: 1399226382369762}
  m_CullTransparentMesh: 0
--- !u!224 &224381931936873570
RectTransform:
  m_ObjectHideFlags: 1
  m_CorrespondingSourceObject: {fileID: 0}
  m_PrefabInternal: {fileID: 100100000}
  m_GameObject: {fileID: 1399226382369762}
  m_LocalRotation: {x: -0, y: -0, z: -0, w: 1}
  m_LocalPosition: {x: 0, y: 0, z: 0}
  m_LocalScale: {x: 0.7, y: 0.7, z: 1.0000001}
  m_Children: []
  m_Father: {fileID: 0}
  m_RootOrder: 0
  m_LocalEulerAnglesHint: {x: 0, y: 0, z: 0}
  m_AnchorMin: {x: 0, y: 0}
  m_AnchorMax: {x: 0, y: 0}
  m_AnchoredPosition: {x: 300, y: 442}
  m_SizeDelta: {x: 600, y: 600}
  m_Pivot: {x: 0.5, y: 0.5}
